@inproceedings{brisaboa2009k2,
  title={k2-Trees for Compact Web Graph Representation.},
  author={Brisaboa, Nieves R and Ladra, Susana and Navarro, Gonzalo},
  booktitle={SPIRE},
  volume={9},
  pages={18--30},
  year={2009},
  organization={Springer}
}
@article{besta2018survey,
  title={Survey and Taxonomy of Lossless Graph Compression and Space-Efficient Graph Representations},
  author={Besta, Maciej and Hoefler, Torsten},
  journal={arXiv},
  pages={1806--01799},
  year={2018},
  publisher={Cornell University}
}

@article{goldenstein2018grundlagen,
  title={Grundlagen wissenschaftlichen Arbeitens},
  author={Goldenstein, Jan and Hunoldt, Michael and Walgenbach, Peter and Goldenstein, Jan and Hunoldt, Michael and Walgenbach, Peter},
  journal={Wissenschaftliche (s) Arbeiten in den Wirtschaftswissenschaften: Themenfindung--Recherche--Konzeption--Methodik--Argumentation},
  pages={1--11},
  year={2018},
  publisher={Springer}
}

@article{abolfazli2021graph,
  title={Graph Compression with Application to Model Selection},
  author={Abolfazli, Mojtaba and Host-Madsen, Anders and Zhang, June and Bratincsak, Andras},
  journal={arXiv preprint arXiv:2110.00701},
  year={2021}
}

@article{huffman1952method,
  title={A method for the construction of minimum-redundancy codes},
  author={Huffman, David A},
  journal={Proceedings of the IRE},
  volume={40},
  number={9},
  pages={1098--1101},
  year={1952},
  publisher={IEEE}
}

@article{bouritsas2021partition,
  title={Partition and Code: learning how to compress graphs},
  author={Bouritsas, Giorgos and Loukas, Andreas and Karalias, Nikolaos and Bronstein, Michael},
  journal={Advances in Neural Information Processing Systems},
  volume={34},
  pages={18603--18619},
  year={2021}
}

@article{barabasi2013network,
  title={Network science},
  author={Barab{\'a}si, Albert-L{\'a}szl{\'o}},
  journal={Philosophical Transactions of the Royal Society A: Mathematical, Physical and Engineering Sciences},
  volume={371},
  number={1987},
  pages={20120375},
  year={2013},
  publisher={The Royal Society Publishing}
}
@inproceedings{gupta2021alternatives,
  title={Alternatives to Huffman Coding by Comparison to Other Algorithms},
  author={Gupta, Manasi},
  booktitle={2021 Innovations in Power and Advanced Computing Technologies (i-PACT)},
  pages={1--4},
  year={2021},
  organization={IEEE}
}

@inproceedings{kang2022personalized,
  title={Personalized graph summarization: formulation, scalable algorithms, and applications},
  author={Kang, Shinhwan and Lee, Kyuhan and Shin, Kijung},
  booktitle={2022 IEEE 38th International Conference on Data Engineering (ICDE)},
  pages={2319--2332},
  year={2022},
  organization={IEEE}
}

@article{yousuf2022pool,
  title={Pool Compression for Undirected Graphs},
  author={Yousuf, Muhammad Irfan and Kim, Suhyun},
  journal={IEEE Access},
  volume={10},
  pages={58904--58912},
  year={2022},
  publisher={IEEE}
}

@inproceedings{naeem2022trends,
  title={Trends and future perspective challenges in big data},
  author={Naeem, Muhammad and Jamal, Tauseef and Diaz-Martinez, Jorge and Butt, Shariq Aziz and Montesano, Nicolo and Tariq, Muhammad Imran and De-la-Hoz-Franco, Emiro and De-La-Hoz-Valdiris, Ethel},
  booktitle={Advances in Intelligent Data Analysis and Applications: Proceeding of the Sixth Euro-China Conference on Intelligent Data Analysis and Applications, 15--18 October 2019, Arad, Romania},
  pages={309--325},
  year={2022},
  organization={Springer}
}

@article{albert2002statistical,
  title={Statistical mechanics of complex networks},
  author={Albert, R{\'e}ka and Barab{\'a}si, Albert-L{\'a}szl{\'o}},
  journal={Reviews of modern physics},
  volume={74},
  number={1},
  pages={47},
  year={2002},
  publisher={APS}
}

@article{barabasi1999emergence,
  title={Emergence of scaling in random networks},
  author={Barab{\'a}si, Albert-L{\'a}szl{\'o} and Albert, R{\'e}ka},
  journal={science},
  volume={286},
  number={5439},
  pages={509--512},
  year={1999},
  publisher={American Association for the Advancement of Science}
}

@inproceedings{dhulipala2016compressing,
  title={Compressing graphs and indexes with recursive graph bisection},
  author={Dhulipala, Laxman and Kabiljo, Igor and Karrer, Brian and Ottaviano, Giuseppe and Pupyrev, Sergey and Shalita, Alon},
  booktitle={Proceedings of the 22nd ACM SIGKDD International Conference on Knowledge Discovery and Data Mining},
  pages={1535--1544},
  year={2016}
}

@article{maneth2015survey,
  title={A survey on methods and systems for graph compression},
  author={Maneth, Sebastian and Peternek, Fabian},
  journal={arXiv preprint arXiv:1504.00616},
  year={2015}
}

@article{brisaboa2014compact,
  title={Compact representation of web graphs with extended functionality},
  author={Brisaboa, Nieves R and Ladra, Susana and Navarro, Gonzalo},
  journal={Information Systems},
  volume={39},
  pages={152--174},
  year={2014},
  publisher={Elsevier}
}

@article{brandes2010graphentheorie,
  title={Graphentheorie},
  author={Brandes, Ulrik},
  journal={Handbuch Netzwerkforschung},
  pages={345--353},
  year={2010},
  publisher={Springer}
}

@inproceedings{zhu2022research,
  title={Research of Data Compression Using Huffman Coding and Arithmetic Coding},
  author={Zhu, Xia and Zhang, Jing and Zhu, Hongbo},
  booktitle={Proceedings of the 12th International Conference on Computer Engineering and Networks},
  pages={954--961},
  year={2022},
  organization={Springer}
}

@article{luczak2017structural,
  title={Structural information and compression of scale-free graphs},
  author={Luczak, Tomasz and Magner, Abram and Szpankowski, Wojciech},
  journal={Urbana},
  volume={51},
  pages={618015},
  year={2017}
}